<record><leader>00000cas a22000007a 4500</leader><controlfield tag="001">12089308</controlfield><controlfield tag="008">850529d18501852ohudn ne      0    0eng d</controlfield><datafield ind1=" " ind2=" " tag="010"><subfield code="a">sn 85026201 </subfield></datafield><datafield ind1=" " ind2=" " tag="040"><subfield code="a">NPX</subfield><subfield code="b">eng</subfield><subfield code="c">NPX</subfield><subfield code="d">ONP</subfield><subfield code="d">OCLCQ</subfield></datafield><datafield ind1=" " ind2=" " tag="042"><subfield code="a">msc</subfield></datafield><datafield ind1="0" ind2="0" tag="245"><subfield code="a">Daily tribune and clipper.</subfield></datafield><datafield ind1=" " ind2=" " tag="260"><subfield code="a">Portsmouth, Ohio :</subfield><subfield code="b">John Hanna</subfield></datafield><datafield ind1=" " ind2=" " tag="300"><subfield code="a">v.</subfield></datafield><datafield ind1=" " ind2=" " tag="310"><subfield code="a">Daily (except Sun.)</subfield></datafield><datafield ind1="1" ind2=" " tag="362"><subfield code="a">Began with Dec. 9, 1850 issue; ceased in 1852?</subfield><subfield code="z">Cf. Gutgesell, S. Guide to Ohio newspapers, 1974.</subfield></datafield><datafield ind1=" " ind2=" " tag="500"><subfield code="a">"Whig," &lt;1852&gt;.</subfield></datafield><datafield ind1=" " ind2=" " tag="580"><subfield code="a">Weekly ed.: Portsmouth tribune and clipper.</subfield></datafield><datafield ind1=" " ind2=" " tag="588"><subfield code="a">Description based on: Vol. 2, no. 218 (Sept. 20, 1852).</subfield></datafield><datafield ind1=" " ind2=" " tag="752"><subfield code="a">United States</subfield><subfield code="b">Ohio</subfield><subfield code="c">Scioto</subfield><subfield code="d">Portsmouth.</subfield></datafield><datafield ind1="1" ind2=" " tag="775"><subfield code="t">Portsmouth tribune and clipper</subfield><subfield code="w">(DLC)sn 87075099</subfield></datafield><datafield ind1="0" ind2="0" tag="785"><subfield code="t">Daily evening tribune (Portsmouth, Ohio)</subfield><subfield code="w">(DLC)sn 87075112</subfield></datafield></record>